%% This BibTeX bibliography file was created using BibDesk.
%% http://bibdesk.sourceforge.net/


%% Created for Ben O'Leary at 2011-12-22 17:35:54 +0100 


%% Saved with string encoding Unicode (UTF-8) 



@article{Chatrchyan:2011wba,
	Archiveprefix = {arXiv},
	Author = {Chatrchyan, Serguei and others},
	Collaboration = {CMS Collaboration},
	Date-Added = {2011-12-22 17:27:45 +0100},
	Date-Modified = {2011-12-22 17:27:45 +0100},
	Doi = {10.1007/JHEP06(2011)077},
	Eprint = {1104.3168},
	Journal = {JHEP},
	Pages = {077},
	Primaryclass = {hep-ex},
	Reportnumber = {CMS-SUS-10-004, CERN-PH-EP-2011-033},
	Slaccitation = {%%CITATION = ARXIV:1104.3168;%%},
	Title = {{Search for new physics with same-sign isolated dilepton events with jets and missing transverse energy at the LHC}},
	Volume = {1106},
	Year = {2011},
	Bdsk-Url-1 = {http://dx.doi.org/10.1007/JHEP06(2011)077}}

@techreport{ATLAS:1278474,
	Address = {Geneva},
	Author = {ATLAS, Coll},
	Date-Added = {2011-12-22 17:20:33 +0100},
	Date-Modified = {2011-12-22 17:20:33 +0100},
	Institution = {CERN},
	Month = {Jul},
	Number = {ATL-PHYS-PUB-2010-010},
	Title = {Prospects for Supersymmetry discovery based on inclusive searches at a 7 TeV centre-of-mass energy with the ATLAS detector},
	Year = {2010}}

@article{Khachatryan:2011tk,
	Archiveprefix = {arXiv},
	Author = {Khachatryan, Vardan and others},
	Collaboration = {CMS Collaboration},
	Date-Added = {2011-12-22 17:14:02 +0100},
	Date-Modified = {2011-12-22 17:14:02 +0100},
	Doi = {10.1016/j.physletb.2011.03.021},
	Eprint = {1101.1628},
	Journal = {Phys.Lett.},
	Pages = {196-218},
	Primaryclass = {hep-ex},
	Reportnumber = {CMS-SUS-10-003, CERN-PH-EP-2010-084},
	Slaccitation = {%%CITATION = ARXIV:1101.1628;%%},
	Title = {{Search for Supersymmetry in pp Collisions at 7 TeV in Events with Jets and Missing Transverse Energy}},
	Volume = {B698},
	Year = {2011},
	Bdsk-Url-1 = {http://dx.doi.org/10.1016/j.physletb.2011.03.021}}

@article{Allanach:2006fy,
	Archiveprefix = {arXiv},
	Author = {Allanach, Benjamin C. and Grojean, Christophe and Skands, Peter Z. and Accomando, E. and Azuelos, Georges and others},
	Date-Added = {2011-12-20 15:26:08 +0100},
	Date-Modified = {2011-12-20 15:26:08 +0100},
	Eprint = {hep-ph/0602198},
	Primaryclass = {hep-ph},
	Reportnumber = {FERMILAB-CONF-06-338-T, SLAC-PUB-11770},
	Slaccitation = {%%CITATION = HEP-PH/0602198;%%},
	Title = {{Les Houches physics at TeV colliders 2005 beyond the standard model working group: Summary report}},
	Year = {2006}}

@article{Allanach:2005kk,
	Author = {Allanach, B.C. and Balazs, C. and Belanger, G. and Boudjema, F. and Choudhury, D. and others},
	Date-Added = {2011-12-20 15:24:34 +0100},
	Date-Modified = {2011-12-20 15:24:34 +0100},
	Note = {In Les Houches Physics at TeV Colliders 2005 BSM Working Group Summary Report hep-ph 0602198},
	Reportnumber = {FERMILAB-CONF-05-517-T},
	Slaccitation = {%%CITATION = FERMILAB-CONF-05-517-T ETC.;%%},
	Title = {{Status of the SUSY Les Houches Accord II Project}},
	Year = {2005}}

@article{Akhmedov:1995ip,
	Archiveprefix = {arXiv},
	Author = {Akhmedov, Evgeny K. and Lindner, Manfred and Schnapka, Erhard and Valle, J.W.F.},
	Date-Added = {2011-12-19 13:19:39 +0100},
	Date-Modified = {2011-12-19 13:19:39 +0100},
	Doi = {10.1016/0370-2693(95)01504-3},
	Eprint = {hep-ph/9507275},
	Journal = {Phys.Lett.},
	Pages = {270-280},
	Primaryclass = {hep-ph},
	Reportnumber = {IC-95-125, TUM-HEP-221-95, MPI-PHT-95-35, FTUV-95-34, IFIC-95-36},
	Slaccitation = {%%CITATION = HEP-PH/9507275;%%},
	Title = {{Left-right symmetry breaking in NJL approach}},
	Volume = {B368},
	Year = {1996},
	Bdsk-Url-1 = {http://dx.doi.org/10.1016/0370-2693(95)01504-3}}

@article{Akhmedov:1995vm,
	Archiveprefix = {arXiv},
	Author = {Akhmedov, Evgeny K. and Lindner, Manfred and Schnapka, Erhard and Valle, J.W.F.},
	Date-Added = {2011-12-19 13:19:31 +0100},
	Date-Modified = {2011-12-19 13:19:31 +0100},
	Doi = {10.1103/PhysRevD.53.2752},
	Eprint = {hep-ph/9509255},
	Journal = {Phys.Rev.},
	Pages = {2752-2780},
	Primaryclass = {hep-ph},
	Reportnumber = {IC-95-126, TUM-HEP-222-95, MPI-PHT-95-70, FTUV-95-36, IFIC-95-38},
	Slaccitation = {%%CITATION = HEP-PH/9509255;%%},
	Title = {{Dynamical left-right symmetry breaking}},
	Volume = {D53},
	Year = {1996},
	Bdsk-Url-1 = {http://dx.doi.org/10.1103/PhysRevD.53.2752}}

@article{Mohapatra:1986bd,
	Author = {Mohapatra, R.N. and Valle, J.W.F.},
	Date-Added = {2011-12-19 13:18:41 +0100},
	Date-Modified = {2011-12-19 13:18:41 +0100},
	Doi = {10.1103/PhysRevD.34.1642},
	Journal = {Phys.Rev.},
	Pages = {1642},
	Reportnumber = {MdDP-PP-86-127, C86/07/16},
	Slaccitation = {%%CITATION = PHRVA,D34,1642;%%},
	Title = {{Neutrino Mass and Baryon Number Nonconservation in Superstring Models}},
	Volume = {D34},
	Year = {1986},
	Bdsk-Url-1 = {http://dx.doi.org/10.1103/PhysRevD.34.1642}}

@article{Mahmoudi:2010iz,
	Archiveprefix = {arXiv},
	Author = {Mahmoudi, F. and Heinemeyer, S. and Arbey, A. and Bharucha, A. and Goto, T. and others},
	Date-Added = {2011-12-11 15:33:26 +0100},
	Date-Modified = {2011-12-11 15:33:26 +0100},
	Doi = {10.1016/j.cpc.2011.10.006},
	Eprint = {1008.0762},
	Journal = {Comput.Phys.Commun.},
	Pages = {285-298},
	Primaryclass = {hep-ph},
	Title = {{Flavour Les Houches Accord: Interfacing Flavour related Codes}},
	Volume = {183},
	Year = {2012},
	Bdsk-Url-1 = {http://dx.doi.org/10.1016/j.cpc.2011.10.006}}

@article{Slansky:1981yr,
	Author = {Slansky, R.},
	Date-Added = {2011-12-11 15:32:16 +0100},
	Date-Modified = {2011-12-11 15:32:16 +0100},
	Doi = {10.1016/0370-1573(81)90092-2},
	Journal = {Phys.Rept.},
	Pages = {1-128},
	Title = {{Group Theory for Unified Model Building}},
	Volume = {79},
	Year = {1981},
	Bdsk-Url-1 = {http://dx.doi.org/10.1016/0370-1573(81)90092-2}}

@article{Porod:2003um,
	Archiveprefix = {arXiv},
	Author = {Porod, Werner},
	Doi = {10.1016/S0010-4655(03)00222-4},
	Eprint = {hep-ph/0301101},
	Journal = {Comput.Phys.Commun.},
	Pages = {275-315},
	Primaryclass = {hep-ph},
	Title = {{SPheno, a program for calculating supersymmetric spectra, SUSY particle decays and SUSY particle production at e+ e- colliders}},
	Volume = {153},
	Year = {2003},
	Bdsk-Url-1 = {http://dx.doi.org/10.1016/S0010-4655(03)00222-4}}

@article{Allanach:2008qq,
	Archiveprefix = {arXiv},
	Author = {Allanach, B.C. and Balazs, C. and Belanger, G. and Bernhardt, M. and Boudjema, F. and others},
	Doi = {10.1016/j.cpc.2008.08.004},
	Eprint = {0801.0045},
	Journal = {Comput.Phys.Commun.},
	Pages = {8-25},
	Primaryclass = {hep-ph},
	Title = {{SUSY Les Houches Accord 2}},
	Volume = {180},
	Year = {2009},
	Bdsk-Url-1 = {http://dx.doi.org/10.1016/j.cpc.2008.08.004}}

@article{Skands:2003cj,
	Archiveprefix = {arXiv},
	Author = {Skands, Peter Z. and Allanach, B.C. and Baer, H. and Balazs, C. and Belanger, G. and others},
	Doi = {10.1088/1126-6708/2004/07/036},
	Eprint = {hep-ph/0311123},
	Journal = {JHEP},
	Pages = {036},
	Primaryclass = {hep-ph},
	Title = {{SUSY Les Houches accord: Interfacing SUSY spectrum calculators, decay packages, and event generators}},
	Volume = {0407},
	Year = {2004},
	Bdsk-Url-1 = {http://dx.doi.org/10.1088/1126-6708/2004/07/036}}

@article{Hirsch:2008dy,
	Archiveprefix = {arXiv},
	Author = {Hirsch, M. and Valle, J.W.F. and Porod, W. and Romao, J.C. and Villanova del Moral, Albert},
	Doi = {10.1103/PhysRevD.78.013006},
	Eprint = {0804.4072},
	Journal = {Phys.Rev.},
	Pages = {013006},
	Primaryclass = {hep-ph},
	Title = {{Probing minimal supergravity in type I seesaw with lepton flavour violation at the LHC}},
	Volume = {D78},
	Year = {2008},
	Bdsk-Url-1 = {http://dx.doi.org/10.1103/PhysRevD.78.013006}}

@article{Esteves:2009vg,
	Archiveprefix = {arXiv},
	Author = {Esteves, J.N. and Romao, J.C. and Villanova del Moral, Albert and Hirsch, M. and Valle, J.W.F. and others},
	Doi = {10.1088/1126-6708/2009/05/003},
	Eprint = {0903.1408},
	Journal = {JHEP},
	Pages = {003},
	Primaryclass = {hep-ph},
	Title = {{Flavour violation at the LHC: type-I versus type-II seesaw in minimal supergravity}},
	Volume = {0905},
	Year = {2009},
	Bdsk-Url-1 = {http://dx.doi.org/10.1088/1126-6708/2009/05/003}}

@article{Rossi:2002zb,
	Archiveprefix = {arXiv},
	Author = {Rossi, Anna},
	Doi = {10.1103/PhysRevD.66.075003},
	Eprint = {hep-ph/0207006},
	Journal = {Phys.Rev.},
	Pages = {075003},
	Primaryclass = {hep-ph},
	Title = {{Supersymmetric seesaw without singlet neutrinos: Neutrino masses and lepton flavor violation}},
	Volume = {D66},
	Year = {2002},
	Bdsk-Url-1 = {http://dx.doi.org/10.1103/PhysRevD.66.075003}}

@article{Borzumati:2009hu,
	Archiveprefix = {arXiv},
	Author = {Borzumati, Francesca and Yamashita, Toshifumi},
	Doi = {10.1143/PTP.124.761},
	Eprint = {0903.2793},
	Journal = {Prog.Theor.Phys.},
	Pages = {761-868},
	Primaryclass = {hep-ph},
	Title = {{Minimal supersymmetric SU(5) model with nonrenormalizable operators: Seesaw mechanism and violation of flavour and CP}},
	Volume = {124},
	Year = {2010},
	Bdsk-Url-1 = {http://dx.doi.org/10.1143/PTP.124.761}}

@article{Hirsch:2008gh,
	Archiveprefix = {arXiv},
	Author = {Hirsch, M. and Kaneko, S. and Porod, W.},
	Doi = {10.1103/PhysRevD.78.093004},
	Eprint = {0806.3361},
	Journal = {Phys.Rev.},
	Pages = {093004},
	Primaryclass = {hep-ph},
	Title = {{Supersymmetric seesaw type. II. LHC and lepton flavour violating phenomenology}},
	Volume = {D78},
	Year = {2008},
	Bdsk-Url-1 = {http://dx.doi.org/10.1103/PhysRevD.78.093004}}

@article{Esteves:2010ff,
	Archiveprefix = {arXiv},
	Author = {Esteves, J.N. and Romao, J.C. and Hirsch, M. and Staub, F. and Porod, W.},
	Doi = {10.1103/PhysRevD.83.013003},
	Eprint = {1010.6000},
	Journal = {Phys.Rev.},
	Pages = {013003},
	Primaryclass = {hep-ph},
	Title = {{Supersymmetric type-III seesaw: lepton flavour violating decays and dark matter}},
	Volume = {D83},
	Year = {2011},
	Bdsk-Url-1 = {http://dx.doi.org/10.1103/PhysRevD.83.013003}}

@article{Esteves:2009qr,
	Archiveprefix = {arXiv},
	Author = {Esteves, J.N. and Kaneko, S. and Romao, J.C. and Hirsch, M. and Porod, W.},
	Doi = {10.1103/PhysRevD.80.095003},
	Eprint = {0907.5090},
	Journal = {Phys.Rev.},
	Pages = {095003},
	Primaryclass = {hep-ph},
	Title = {{Dark matter in minimal supergravity with type-II seesaw}},
	Volume = {D80},
	Year = {2009},
	Bdsk-Url-1 = {http://dx.doi.org/10.1103/PhysRevD.80.095003}}

@article{Schwetz:2011qt,
	Archiveprefix = {arXiv},
	Author = {Schwetz, Thomas and Tortola, Mariam and Valle, J.W.F.},
	Doi = {10.1088/1367-2630/13/6/063004},
	Eprint = {1103.0734},
	Journal = {New J.Phys.},
	Note = {* Temporary entry *},
	Pages = {063004},
	Primaryclass = {hep-ph},
	Title = {{Global neutrino data and recent reactor fluxes: status of three-flavour oscillation parameters}},
	Volume = {13},
	Year = {2011},
	Bdsk-Url-1 = {http://dx.doi.org/10.1088/1367-2630/13/6/063004}}

@article{Deppisch:2007xu,
	Archiveprefix = {arXiv},
	Author = {Deppisch, F. and Freitas, A. and Porod, W. and Zerwas, P.M.},
	Doi = {10.1103/PhysRevD.77.075009},
	Eprint = {0712.0361},
	Journal = {Phys.Rev.},
	Pages = {075009},
	Primaryclass = {hep-ph},
	Title = {{Determining Heavy Mass Parameters in Supersymmetric SO(10) Models}},
	Volume = {D77},
	Year = {2008},
	Bdsk-Url-1 = {http://dx.doi.org/10.1103/PhysRevD.77.075009}}

@article{Ma:1998dn,
	Archiveprefix = {arXiv},
	Author = {Ma, Ernest},
	Doi = {10.1103/PhysRevLett.81.1171},
	Eprint = {hep-ph/9805219},
	Journal = {Phys.Rev.Lett.},
	Pages = {1171-1174},
	Primaryclass = {hep-ph},
	Title = {{Pathways to naturally small neutrino masses}},
	Volume = {81},
	Year = {1998},
	Bdsk-Url-1 = {http://dx.doi.org/10.1103/PhysRevLett.81.1171}}

@article{DeRomeri:2011ie,
	Archiveprefix = {arXiv},
	Author = {De Romeri, Valentina and Hirsch, Martin and Malinsky, Michal},
	Doi = {10.1103/PhysRevD.84.053012},
	Eprint = {1107.3412},
	Journal = {Phys.Rev.},
	Pages = {053012},
	Primaryclass = {hep-ph},
	Title = {{Soft masses in SUSY SO(10) GUTs with low intermediate scales}},
	Volume = {D84},
	Year = {2011},
	Bdsk-Url-1 = {http://dx.doi.org/10.1103/PhysRevD.84.053012}}

@article{Malinsky:2005bi,
	Archiveprefix = {arXiv},
	Author = {Malinsky, Michal and Romao, J.C. and Valle, J.W.F.},
	Doi = {10.1103/PhysRevLett.95.161801},
	Eprint = {hep-ph/0506296},
	Journal = {Phys.Rev.Lett.},
	Pages = {161801},
	Primaryclass = {hep-ph},
	Title = {{Novel supersymmetric SO(10) seesaw mechanism}},
	Volume = {95},
	Year = {2005},
	Bdsk-Url-1 = {http://dx.doi.org/10.1103/PhysRevLett.95.161801}}

@article{Hirsch:2011hg,
	Archiveprefix = {arXiv},
	Author = {Hirsch, Martin and Malinsky, Michal and Porod, Werner and Reichert, Laslo and Staub, Florian},
	Eprint = {1110.3037},
	Note = {* Temporary entry *},
	Primaryclass = {hep-ph},
	Title = {{Hefty MSSM-like light Higgs in extended gauge models}},
	Year = {2011}}

@article{Holdom:1985ag,
	Author = {Holdom, Bob},
	Doi = {10.1016/0370-2693(86)91377-8},
	Journal = {Phys.Lett.},
	Pages = {196},
	Title = {{Two U(1)'s and Epsilon Charge Shifts}},
	Volume = {B166},
	Year = {1986},
	Bdsk-Url-1 = {http://dx.doi.org/10.1016/0370-2693(86)91377-8}}

@article{Babu:1997st,
	Archiveprefix = {arXiv},
	Author = {Babu, K.S. and Kolda, Christopher F. and March-Russell, John},
	Doi = {10.1103/PhysRevD.57.6788},
	Eprint = {hep-ph/9710441},
	Journal = {Phys.Rev.},
	Pages = {6788-6792},
	Primaryclass = {hep-ph},
	Title = {{Implications of generalized Z - Z-prime mixing}},
	Volume = {D57},
	Year = {1998},
	Bdsk-Url-1 = {http://dx.doi.org/10.1103/PhysRevD.57.6788}}

@article{delAguila:1988jz,
	Author = {del Aguila, F. and Coughlan, G.D. and Quiros, M.},
	Doi = {10.1016/0550-3213(88)90266-0, 10.1016/0550-3213(88)90266-0},
	Journal = {Nucl.Phys.},
	Pages = {633},
	Title = {{GAUGE COUPLING RENORMALIZATION WITH SEVERAL U(1) FACTORS}},
	Volume = {B307},
	Year = {1988},
	Bdsk-Url-1 = {http://dx.doi.org/10.1016/0550-3213(88)90266-0,%2010.1016/0550-3213(88)90266-0}}

@article{delAguila:1987st,
	Author = {del Aguila, F. and Gonzalez, J.A. and Quiros, M.},
	Doi = {10.1016/0550-3213(88)90265-9},
	Journal = {Nucl.Phys.},
	Pages = {571},
	Title = {{RENORMALIZATION GROUP ANALYSIS OF EXTENDED ELECTROWEAK MODELS FROM THE HETEROTIC STRING}},
	Volume = {B307},
	Year = {1988},
	Bdsk-Url-1 = {http://dx.doi.org/10.1016/0550-3213(88)90265-9}}

@article{Fonseca:2011vn,
	Archiveprefix = {arXiv},
	Author = {Fonseca, Renato and Malinsky, Michal and Porod, Werner and Staub, Florian},
	Doi = {10.1016/j.nuclphysb.2011.08.017},
	Eprint = {1107.2670},
	Journal = {Nucl.Phys.},
	Note = {* Temporary entry *},
	Pages = {28-53},
	Primaryclass = {hep-ph},
	Title = {{Running soft parameters in SUSY models with multiple U(1) gauge factors}},
	Volume = {B854},
	Year = {2012},
	Bdsk-Url-1 = {http://dx.doi.org/10.1016/j.nuclphysb.2011.08.017}}

@article{Braam:2011xh,
	Archiveprefix = {arXiv},
	Author = {Braam, Felix and Reuter, Juergen},
	Eprint = {1107.2806},
	Note = {* Temporary entry *},
	Primaryclass = {hep-ph},
	Title = {{Gaugino Mass Mixing in SUSY GUTs With Two Abelian Gauge Groups}},
	Year = {2011}}

@article{Weinberg:1979sa,
	Author = {Weinberg, Steven},
	Doi = {10.1103/PhysRevLett.43.1566},
	Journal = {Phys.Rev.Lett.},
	Pages = {1566-1570},
	Reportnumber = {HUTP-79-A050},
	Slaccitation = {%%CITATION = PRLTA,43,1566;%%},
	Title = {{Baryon and Lepton Nonconserving Processes}},
	Volume = {43},
	Year = {1979},
	Bdsk-Url-1 = {http://dx.doi.org/10.1103/PhysRevLett.43.1566}}

@article{Weinberg:1980bf,
	Author = {Weinberg, Steven},
	Doi = {10.1103/PhysRevD.22.1694},
	Journal = {Phys.Rev.},
	Pages = {1694},
	Reportnumber = {HUTP-80/A023},
	Slaccitation = {%%CITATION = PHRVA,D22,1694;%%},
	Title = {{Varieties of Baryon and Lepton Nonconservation}},
	Volume = {D22},
	Year = {1980},
	Bdsk-Url-1 = {http://dx.doi.org/10.1103/PhysRevD.22.1694}}

@article{Minkowski:1977sc,
	Author = {Minkowski, Peter},
	Doi = {10.1016/0370-2693(77)90435-X},
	Journal = {Phys. Lett.},
	Pages = {421},
	Slaccitation = {%%CITATION = PHLTA,B67,421;%%},
	Title = {{mu $\to$ e gamma at a Rate of One Out of 1-Billion Muon Decays?}},
	Volume = {B67},
	Year = {1977},
	Bdsk-Url-1 = {http://dx.doi.org/10.1016/0370-2693(77)90435-X}}

@article{VanNieuwenhuizen:1979hm,
	Author = {Van Nieuwenhuizen, P. and Freedman, D. Z.},
	Note = {Amsterdam, Netherlands: North-holland 341p, 1979},
	Title = {{Supergravity. Proceeding, workshop at Stony Brook, 27-29 September 1979}}}

@article{Yanagida:1979as,
	Author = {Yanagida, Tsutomu},
	Note = {In Proceedings of the Workshop on the Baryon Number of the Universe and Unified Theories, Tsukuba, Japan, 13-14 Feb 1979},
	Title = {{Horizontal gauge symmetry and masses of neutrinos}}}

@misc{S.L.Glashow,
	Note = {S.L. Glashow, in \emph{Quarks and Leptons}, eds. M.L\`evy et al. (Plenum, New York $1980$), p.~$707$}}

@article{Mohapatra:1979ia,
	Author = {Mohapatra, Rabindra N. and Senjanovic, Goran},
	Doi = {10.1103/PhysRevLett.44.912},
	Journal = {Phys. Rev. Lett.},
	Pages = {912},
	Slaccitation = {%%CITATION = PRLTA,44,912;%%},
	Title = {{Neutrino mass and spontaneous parity nonconservation}},
	Volume = {44},
	Year = {1980},
	Bdsk-Url-1 = {http://dx.doi.org/10.1103/PhysRevLett.44.912}}

@article{Schechter:1980gr,
	Author = {Schechter, J. and Valle, J.W.F.},
	Doi = {10.1103/PhysRevD.22.2227},
	Journal = {Phys.Rev.},
	Pages = {2227},
	Reportnumber = {SU-4217-167, COO-3533-167},
	Slaccitation = {%%CITATION = PHRVA,D22,2227;%%},
	Title = {{Neutrino Masses in SU(2) x U(1) Theories}},
	Volume = {D22},
	Year = {1980},
	Bdsk-Url-1 = {http://dx.doi.org/10.1103/PhysRevD.22.2227}}

@article{Cheng:1980qt,
	Author = {Cheng, T.P. and Li, Ling-Fong},
	Doi = {10.1103/PhysRevD.22.2860},
	Journal = {Phys.Rev.},
	Pages = {2860},
	Reportnumber = {PRINT-80-0511 (CARNEGIE-MELLON), COO-3066-152},
	Slaccitation = {%%CITATION = PHRVA,D22,2860;%%},
	Title = {{Neutrino Masses, Mixings and Oscillations in SU(2) x U(1) Models of Electroweak Interactions}},
	Volume = {D22},
	Year = {1980},
	Bdsk-Url-1 = {http://dx.doi.org/10.1103/PhysRevD.22.2860}}

@article{Foot:1988aq,
	Author = {Foot, Robert and Lew, H. and He, X.G. and Joshi, Girish C.},
	Doi = {10.1007/BF01415558},
	Journal = {Z.Phys.},
	Pages = {441},
	Reportnumber = {UM-P-88/89, OZ-P-88/7},
	Slaccitation = {%%CITATION = ZEPYA,C44,441;%%},
	Title = {{SEESAW NEUTRINO MASSES INDUCED BY A TRIPLET OF LEPTONS}},
	Volume = {C44},
	Year = {1989},
	Bdsk-Url-1 = {http://dx.doi.org/10.1007/BF01415558}}

@article{Khalil:2007dr,
	Archiveprefix = {arXiv},
	Author = {Khalil, S. and Masiero, A.},
	Doi = {10.1016/j.physletb.2008.06.063},
	Eprint = {0710.3525},
	Journal = {Phys.Lett.},
	Pages = {374-377},
	Primaryclass = {hep-ph},
	Slaccitation = {%%CITATION = ARXIV:0710.3525;%%},
	Title = {{Radiative B-L symmetry breaking in supersymmetric models}},
	Volume = {B665},
	Year = {2008},
	Bdsk-Url-1 = {http://dx.doi.org/10.1016/j.physletb.2008.06.063}}

@article{Elsayed:2011de,
	Archiveprefix = {arXiv},
	Author = {Elsayed, A. and Khalil, S. and Moretti, S.},
	Eprint = {1106.2130},
	Primaryclass = {hep-ph},
	Slaccitation = {%%CITATION = ARXIV:1106.2130;%%},
	Title = {{Higgs Mass Corrections in the SUSY B-L Model with Inverse Seesaw}},
	Year = {2011}}
